@misc{redis_introduction, 
    author = "{Redis Labs}", 
    publisher = "Redis Labs", 
    title = "Introduction to Redis", 
    month = "October", 
    year = "2016", 
    url = "http://redis.io/topics/introduction", 
}
@misc{redis_commands, 
    author = "{Redis Labs}", 
    publisher = "Redis Labs", 
    title = "Command Reference", 
    month = "October", 
    year = "2016", 
    url = "http://redis.io/commands", 
}
@misc{redis_slowlog, 
    author = "{Redis Labs}", 
    publisher = "Redis Labs", 
    title = "SLOWLOG subcommand [argument]", 
    month = "October", 
    year = "2016", 
    url = "http://redis.io/commands/slowlog", 
}
@misc{redis_indexes, 
    author = "{Redis Labs}", 
    publisher = "Redis Labs", 
    title = "Secondary indexing with Redis", 
    month = "October", 
    year = "2016", 
    url = "http://redis.io/topics/indexes", 
}
@misc{redis_persistence, 
    author = "{Redis Labs}", 
    publisher = "Redis Labs", 
    title = "Redis Persistence", 
    month = "October", 
    year = "2016", 
    url = "http://redis.io/topics/persistence", 
}
@misc{redis_labs_transactions, 
    author = "{Redis Labs}", 
    publisher = "Redis Labs", 
    title = "Basic Redis transactions", 
    month = "October", 
    year = "2016", 
    url = "https://redislabs.com/ebook/redis-in-action/part-2-core-concepts-2/chapter-3-commands-in-redis/3-7-other-commands/3-7-2-basic-redis-transactions", 
}
@misc{redis_transactions, 
    author = "{Redis Labs}", 
    publisher = "Redis Labs", 
    title = "Transactions", 
    month = "October", 
    year = "2016", 
    url = "http://redis.io/topics/transactions", 
}
@misc{redis_partitioning, 
    author = "{Redis Labs}", 
    publisher = "Redis Labs", 
    title = "Partitioning: how to split data among multiple Redis instances.", 
    month = "October", 
    year = "2016", 
    url = "http://redis.io/topics/partitioning", 
}
@misc{redis_platform_google_Cloud, 
    author = "{Google}", 
    publisher = "Google", 
    title = "Run Bower on Google Cloud Platform", 
    month = "October", 
    year = "2016", 
    url = "https://cloud.google.com/nodejs/resources/tools/bower", 
}
@misc{redis_basics_chinese, 
    author = "{IT Avenue}", 
    publisher = "IT Avenue", 
    title = "Redis", 
    month = "October", 
    year = "2016", 
    url = "http://www.itdadao.com/articles/c15a352476p0.html", 
}
@misc{redis_deployment, 
    author = "{Programering}", 
    publisher = "Programering", 
    title = "Redis Deployment", 
    month = "October", 
    year = "2016", 
    url = "http://www.programering.com/a/MjM0ADMwATE.html", 
}